Automatically generated by Mendeley Desktop 1.13.8
Any changes to this file will be lost if it is regenerated by Mendeley.

BibTeX export options can be customized via Preferences -> BibTeX in Mendeley Desktop

@article{Oh2011,
author = {Oh, Sangyoon and Lee, Min Su and Zhang, Byoung Tak},
doi = {10.1109/TCBB.2010.96},
isbn = {1545-5963},
issn = {15455963},
journal = {IEEE/ACM Transactions on Computational Biology and Bioinformatics},
keywords = {Bioinformatics,classification,interactive data exploration and discovery,mining methods and algorithms},
number = {2},
pages = {316--325},
pmid = {20876935},
title = {{Ensemble Learning With Active Example Selection For Imbalanced Biomedical Data Classification}},
volume = {8},
year = {2011}
}
@article{Zhang1998,
author = {Zhang, Byoung-Tak and Cho, Dong-Yeon},
doi = {doi:10.1007/3-540-48873-1\_20},
issn = {0302-9743},
journal = {Simulated Evolution and Learning: Second Asia-Pacific Conference on Simulated Evolution and Learning, SEAL'98.},
keywords = {genetic algorithms,genetic programming},
pages = {146--153},
title = {{Genetic Programming with Active Data Selection}},
url = {http://bi.snu.ac.kr/Publications/Journals/International/LNAI1585.pdf},
volume = {1585},
year = {1998}
}
@inproceedings{zhang1994incremental,
author = {Zhang, Byoung-Tak},
booktitle = {Neural Networks, 1994. IEEE World Congress on Computational Intelligence., 1994 IEEE International Conference on},
organization = {IEEE},
pages = {215--220},
title = {{An Incremental Learning Algorithm That Optimizes Network Size And Sample Size In One Trial}},
volume = {1}
}
@article{zhang1994accelerated,
author = {Zhang, Byoung-Tak},
journal = {International Journal of Neural Systems},
number = {01},
pages = {67--75},
publisher = {World Scientific},
title = {{Accelerated Learning By Active Example Selection}},
volume = {5},
year = {1994}
}
@inproceedings{Ha2015,
author = {Ha, Jung-Woo and Kim, Kyung-Min and Zhang, Byoung-Tak},
booktitle = {The Twenty-Ninth AAAI Conference on Artificial Intelligence},
title = {{Automated Construction of Visual-Linguistic Knowledge via Concept Learning from Cartoon Videos}},
year = {2015}
}
@inproceedings{zhou2006learning,
author = {Zhou, Dengyong and Huang, Jiayuan and Sch\"{o}lkopf, Bernhard},
booktitle = {Advances in neural information processing systems},
pages = {1601--1608},
title = {{Learning With Hypergraphs: Clustering, Classification, And Embedding}},
year = {2006}
}
@inproceedings{krizhevsky2012imagenet,
  title={{Imagenet Classification With Deep Convolutional Neural Networks}},
  author={Krizhevsky, Alex and Sutskever, Ilya and Hinton, Geoffrey E},
  booktitle={Advances In Neural Information Processing Systems},
  pages={1097--1105},
  year={2012}
}

@inproceedings{Kiros2014,
author = {Kiros, R and Zemel, R and Salakhutdinov, R},
booktitle = {Proceedings of The 31st International Conference on Machine Learning},
keywords = {Image Tag Inference},
title = {{Multimodal Neural Language Models}},
year = {2014}
}
@incollection{NIPS2012_4683,
author = {Srivastava, Nitish and Salakhutdinov, Ruslan R},
booktitle = {Advances in Neural Information Processing Systems 25},
pages = {2222--2230},
title = {{Multimodal Learning with Deep Boltzmann Machines}},
url = {http://papers.nips.cc/paper/4683-multimodal-learning-with-deep-boltzmann-machines.pdf},
year = {2012}
}
@inproceedings{Ngiam2011,
author = {Ngiam, Jiquan and Khosla, Aditya and Kim, Mingyu and Nam, Juhan and Lee, Honglak and Ng, Andrew Y},
booktitle = {Proceedings of The 28th International Conference on Machine Learning (ICML-11)},
pages = {689--696},
title = {{Multimodal Deep Learning}},
year = {2011}
}
@incollection{NIPS2014_5279,
author = {Sohn, Kihyuk and Shang, Wenling and Lee, Honglak},
booktitle = {Advances in Neural Information Processing Systems 27},
pages = {2141--2149},
title = {{Improved Multimodal Deep Learning with Variation of Information}},
year = {2014}
}

@inproceedings{Yu2013,
author = {Yu, Haonan and Siskind, Jeffrey Mark},
booktitle = {Proceedings of the 51st Annual Meeting of the Association for Computational Linguistics (ACL2013)},
eprint = {1306.5263},
pages = {53--63},
title = {{Grounded Language Learning from Video Described with Sentences}},
year = {2013}
}
@inproceedings{Karpathy,
author = {Karpathy, Andrej and Fei-Fei, Li},
booktitle = {28th IEEE Conference on Computer Vision and Pattern Recognition (CVPR 2015)},
title = {{Deep Visual-Semantic Alignments for Generating Image Descriptions}},
year = {2015}
}

@inproceedings{Xu2015,
author = {Xu, Kelvin and Courville, Aaron and Zemel, Richard S and Bengio, Yoshua},
booktitle = {Proceedings of the 32nd International Conference on Machine Learning (ICML-15)},
title = {{Show, Attend and Tell : Neural Image Caption Generation with Visual Attention}},
year = {2015}
}

@article{Zaremba2015,
archivePrefix = {arXiv},
arxivId = {arXiv:1409.2329v5},
author = {Zaremba, Wojciech and Sutskever, Ilya and Vinyals, Oriol and Brain, Google},
eprint = {arXiv:1409.2329v5},
journal = {arXiv:1409.2329v5},
pages = {1--8},
title = {{Recurrent Neural Network Regularization}},
year = {2015}
}


@article{hochreiter1997long,
author = {Hochreiter, Sepp and Schmidhuber, J\"{u}rgen},
journal = {Neural computation},
number = {8},
pages = {1735--1780},
publisher = {MIT Press},
title = {{Long short-term memory}},
volume = {9},
year = {1997}
}

@incollection{yosinski2014,
author = {Yosinski, Jason and Clune, Jeff and Bengio, Yoshua and Lipson, Hod},
booktitle = {Advances in Neural Information Processing Systems 27},
pages = {3320--3328},
title = {{How transferable are features in deep neural networks?}},
year = {2014}
}
@article{Simonyan2014,
archivePrefix = {arXiv},
arxivId = {1409.1556v6},
author = {Simonyan, Karen and Zisserman, Andrew},
eprint = {1409.1556},
journal = {arXiv:1409.1556v6},
title = {{Very Deep Convolutional Networks for Large-Scale Image Recognition}},
year = {2014}
}
